@misc{trefethenAndBau97,
  title={Numerical Linear Algebra},
  author={Trefethen, Lloyd n and Bau III, David},
  year={1997},
  publisher={Society for Industrial and Applied Mathematics}
}
