@book{tijms12,
  title={Understanding probability},
  author={Tijms, Henk},
  year={2012},
  publisher={Cambridge University Press}
}

@article{berry06,
  title={Bayesian clinical trials},
  author={Berry, Donald A},
  journal={Nature reviews Drug discovery},
  volume={5},
  number={1},
  pages={27--36},
  year={2006},
  publisher={Nature Publishing Group UK London}
}

@book{papoulisAndPillai02,
  title={Probability, random variables and stochastic processes},
  author={Papoulis, Athanasios and Pillai, S. Unnikrishna},
  edition={fourth},
  year={2002},
  publisher={Mc Graw Hill}
}
